@inproceedings{schwab2017global,
	title={The Global Gender Gap Report 2017},
	author={Schwab, Klaus and Samans, Richard and Zahidi, Saadia and Leopold, Till Alexander and Ratcheva,
	Vesselina and Hausmann, Ricardo and Tyson, Laura D},
	year={2017},
	organization={World Economic Forum}
}

@article{tilcsik2020statistical,
	title={Statistical Discrimination and the Rationalization of Stereotypes},
	author={Tilcsik, Andr{\'a}s},
	journal={American Sociological Review},
	pages={0003122420969399},
	year={2020},
	publisher={SAGE Publications Sage CA: Los Angeles, CA}
}
	
@book{friedman2017bias,
	title={Bias in Computer Systems},
	author={Friedman, Batya and Nissenbaum, Helen},
	year={2017},
	publisher={Routledge}
}
