@incollection{friedman2017bias,
	title={Bias in {Computer} {Systems}},
	author={Friedman, Batya and Nissenbaum, Helen},
	year={2017},
	pages={215--232},
	booktitle={Computer Ethics},
	publisher={Routledge},
	doi={10.4324/9781315259697-23}
}

@article{angwin2016machine,
	title={Machine {Bias}},
	author={Angwin, Julia and Larson, Jeff and Mattu, Surya and Kirchner, Lauren},
	journal={ProPublica},
	year={2016},
	note={\url{https://www.propublica.org}}
}

@article{gibbs2015women,
	title={Women less likely to be shown ads for high-paid jobs on {Google}, study shows},
	author={Gibbs, Samuel},
	journal={The Guardian},
	volume={8},
	number={7},
	year={2015},
	note={\url{https://www.theguardian.com}}
}

@article{dastin2018amazon,
	title={Amazon scraps secret {AI} recruiting tool that showed bias against women},
	author={Dastin, Jeffrey},
	journal={Reuters},
	year={2018},
	note={\url{https://www.reuters.com}}
}

@incollection{scantamburlo2019machine,
	title={Machine decisions and human consequences},
	author={Scantamburlo, Teresa and Charlesworth, Andrew and Cristianini, Nello},
	pages={49--81},
	booktitle={Algorithmic Regulation},
	editor={Yeung, Karen and Lodge, Martin},
	year={2019},
	publisher={Oxford University Press},
	doi={10.1093/oso/9780198838494.003.0003}
}

@article{penney2018advancing,
	title={Advancing {Human-Rights-by-Design} in the {Dual-Use} {Technology} {Industry}},
	author={Penney, Jonathon and McKune, Sarah and Gill, Lex and Deibert, Ronald J},
	journal={Journal of International Affairs},
	volume={71},
	number={2},
	pages={103--110},
	year={2018},
	publisher={JSTOR},
	note={\url{https://www.jstor.org/stable/10.2307/26552332}}
}

@article{yeung2020ai,
	title={{AI} {Governance} by {Human} {Rights-Centered} {Design}, {Deliberation} and {Oversight}: {An} {End} to {Ethics} {Washing}},
	author={Yeung, Karen and Howes, Andrew and Pogrebna, Ganna},
	journal={The Oxford Handbook of Ethics of AI},
	pages={77},
	year={2020},
	publisher={Oxford University Press},
	doi={10.1093/oxfordhb/9780190067397.013.5}
}

@book{sepuldeva2010human,
	title={Human {Rights} {Reference} {Handbook}},
	author={Sepuldeva, M and Van Banning, Th and Gudmundsd{\'o}ttir, Gudr{\'u}n and Chamoun, Christine and Van Genugten, Willem JM},
	year={2010},
	publisher={University for Peace},
	isbn={9789979991922}
}

@article{britannica2009equality,
	title={{``Equality''}},
	author={Britannica, The Editors of Encyclopaedia},
	journal={Encyclopedia Britannica},
	year={2009},
	note={\url{https://www.britannica.com}. Accessed 7 June 2021}
}

@article{britannica2019equal,
	title={{``Equal opportunity''}},
	author={Mason, Andy},
	journal={Encyclopedia Britannica},
	year={2019},
	note={\url{https://www.britannica.com}. Accessed 7 June 2021}
}

@article{assembly1948universal,
	title={Universal {Declaration} of {Human} {Rights}},
	author={Assembly, UN General and others},
	journal={UN General Assembly},
	volume={302},
	number={2},
	pages={14--25},
	year={1948},
	publisher={New York, NY, USA:},
	doi={https://doi.org/10.1017/9781316677117.029}
}

@inproceedings{jagadish2021facets,
	title={The {Many} {Facets} of {Data} {Equity}},
	author={Jagadish, HV and Stoyanovich, Julia and Howe, Bill},
	booktitle={24th International Conference on Extending Database Technology (EDBT)},
	year={2021},
	note={\url{http://ceur-ws.org/Vol-2841}}
}

@article{jagadish2021covid,
	title={{COVID-19} {Brings} {Data} {Equity} {Challenges} to the {Fore}},
	author={Jagadish, HV and Stoyanovich, Julia and Howe, Bill},
	journal={Digital Government: Research and Practice},
	volume={2},
	number={2},
	pages={1--7},
	year={2021},
	publisher={Association for Computing Machinery},
	address={New York, NY, USA},
	doi={10.1145/3440889}
}

@article{cambridge2013fairness,
	title={{``Fairness''}},
	author={Cambridge Advanced Learner's Dictionary},
	journal={Cambridge University Press},
	year={2013},
	note={\url{https://dictionary.cambridge.org}. Accessed 15 June 2021}
}

@book{barker2003social,
	title={The {Social} {Work} {Dictionary}},
	author={Barker, Robert L and others},
	year={2003},
	publisher={NASW Press},
	address={Washington, DC},
	isbn={9780871013552}
}

@article{corporate2020social,
	title={Social {Justice} - {Overview}, {History} and {Evolution}, {Five} {Principles}},
	journal={Corporate Finance Institute},
	year={2020},
	note={\url{https://corporatefinanceinstitute.com}. Accessed 8 June 2021}
}

@inproceedings{dwork2012fairness,
	title={Fairness {Through} {Awareness}},
	author={Dwork, Cynthia and Hardt, Moritz and Pitassi, Toniann and Reingold, Omer and Zemel, Richard},
	booktitle={Proceedings of the 3rd Innovations in Theoretical Computer Science Conference},
	pages={214--226},
	year={2012},
	journal={ArXiv e-prints},
	archiveprefix={arXiv},
	eprint={1104.3913}
}

@inproceedings{wu2019counterfactual,
	title={Counterfactual {Fairness}: {Unidentification}, {Bound} and {Algorithm}},
	author={Wu, Yongkai and Zhang, Lu and Wu, Xintao},
	booktitle={Proceedings of the Twenty-Eighth International Joint Conference on Artificial Intelligence},
	publisher={International Joint Conferences on Artificial Intelligence Organization},
	pages={1438--1444},
	year={2019},
	doi={10.24963/ijcai.2019/199}
}

@inproceedings{verma2018fairness,
	title={Fairness {Definitions} {Explained}},
	author={Verma, Sahil and Rubin, Julia},
	booktitle={2018 2018 ACM/IEEE International Workshop on Software Fairness},
	pages={1--7},
	year={2018},
	organization={IEEE},
	doi={10.1145/3194770.3194776}
}

@article{chouldechova2017fair,
	title={Fair prediction with disparate impact: {A} study of bias in recidivism prediction instruments},
	author={Chouldechova, Alexandra},
	journal={Big Data},
	volume={5},
	number={2},
	pages={153--163},
	year={2017},
	publisher={Mary Ann Liebert Inc},
	doi={10.1089/big.2016.0047}
}

@article{cambridge2013data,
	title={{``Data''}},
	author={Cambridge Advanced Learner's Dictionary},
	journal={Cambridge University Press},
	year={2013},
	note={\url{https://dictionary.cambridge.org}. Accessed 10 June 2021}
}

@article{britannica2020database,
	title={{``Database''}},
	author={Britannica, The Editors of Encyclopaedia},
	journal={Encyclopedia Britannica},
	year={2020},
	note={\url{https://www.britannica.com}. Accessed 10 June 2021}
}

@article{codd1970relational,
	title={A {Relational} {Model} of {Data} for {Large} {Shared} {Data} {Banks}},
	author={Codd, Edgar F},
	journal={Communications of the ACM},
	volume={13},
	number={6},
	pages={377--387},
	year={1970},
	doi={10.1145/362384.362685}
}

@article{gandomi2015beyond,
	title={Beyond the hype: {Big} data concepts, methods, and analytics},
	author={Gandomi, Amir and Haider, Murtaza},
	journal={International Journal of Information Management},
	volume={35},
	number={2},
	pages={137--144},
	year={2015},
	publisher={Elsevier},
	doi={10.1016/j.ijinfomgt.2014.10.007}
}

@article{labrinidis2012challenges,
	title={Challenges and {Opportunities} with {Big} {Data}},
	author={Labrinidis, Alexandros and Jagadish, HV},
	journal={Proceedings of the VLDB Endowment},
	volume={5},
	number={12},
	pages={2032--2033},
	year={2012},
	publisher={VLDB Endowment},
	doi={10.14778/2367502.2367572}
}

@article{mills2012demystifying,
	title={Demystifying {Big} {Data}: {A} {Practical} {Guide} {To} {Transforming} {The} {Business} of {Government}},
	author={Mills, Steve and Lucas, Steve and Irakliotis, Leo and Rappa, Michael and Carlson, Teresa and Perlowitz, Bill},
	journal={TechAmerica Foundation, Washington},
	year={2012},
	note={\url{https://bigdatawg.nist.gov}}
}

@article{jagadish2014big,
	title={Big {Data} and {Its} {Technical} {Challenges}},
	author={Jagadish, HV and Gehrke, Johannes and Labrinidis, Alexandros and Papakonstantinou, Yannis and Patel, Jignesh M. and Ramakrishnan, Raghu and Shahabi, Cyrus},
	journal={Communications of the ACM},
	volume={57},
	number={7},
	pages={86--94},
	numpages={9},
	year={2014},
	publisher={Association for Computing Machinery},
	issn={0001-0782},
	address={New York, NY, USA},
	doi={10.1145/2611567}
}

@article{tamilselvi2015efficient,
	title={An efficient preprocessing and postprocessing techniques in data mining},
	author={Tamilselvi, R and Sivasakthi, B and Kavitha, R},
	journal={International Journal of Research in Computer Applications and Robotics},
	volume={3},
	number={4},
	pages={80--85},
	year={2015},
	note={\url{https://www.ijrcar.com}}
}

@article{caruccio2015relaxed,
	title={Relaxed {Functional} {Dependencies}--{A} {Survey} of {Approaches}},
	author={Caruccio, Loredana and Deufemia, Vincenzo and Polese, Giuseppe},
	journal={IEEE Transactions on Knowledge and Data Engineering},
	volume={28},
	number={1},
	pages={147--165},
	year={2015},
	publisher={IEEE},
	doi={10.1109/tkde.2015.2472010}
}

@book{abiteboul1995foundations,
	title={Foundations of {Databases}},
	author={Abiteboul, Serge and Hull, Richard and Vianu, Victor},
	volume={8},
	year={1995},
	publisher={Addison-Wesley Reading},
	note={\url{http://webdam.inria.fr/Alice}}
}

@article{chamberlain2017analyze,
	title={How to {Analyze} {Your} {Gender} {Pay} {Gap}: {An} {Employer's} {Guide}},
	author={Chamberlain, Andrew},
	journal={Glassdoor Economic Research},
	year={2017},
	note={\url{https://www.glassdoor.com}}
}

@inproceedings{azzalini2021fair,
	title={{FAIR-DB}: {FunctionAl} {DependencIes} to {discoveR} {Data} {Bias}},
	author={Azzalini, Fabio and Criscuolo, Chiara and Tanca, Letizia},
	booktitle={EDBT/ICDT Workshops},
	year={2021},
	note={\url{http://ceur-ws.org/Vol-2841}}
}

@inproceedings{yang2018nutritional,
	title={A {Nutritional} {Label} for {Rankings}},
	author={Yang, Ke and Stoyanovich, Julia and Asudeh, Abolfazl and Howe, Bill and Jagadish, HV and Miklau, Gerome},
	booktitle={Proceedings of the 2018 International Conference on Management of Data},
	pages={1773--1776},
	year={2018},
	publisher={Association for Computing Machinery},
	doi={10.1145/3183713.3193568}
}

@inproceedings{zehlike2017fa*ir,
	title={{FA*IR}: {A} {Fair} {Top-k} {Ranking} {Algorithm}},
	author={Zehlike, Meike and Bonchi, Francesco and Castillo, Carlos and Hajian, Sara and Megahed, Mohamed and Baeza-Yates, Ricardo},
	booktitle={Proceedings of the 2017 ACM on Conference on Information and Knowledge Management},
	pages={1569--1578},
	year={2017},
	publisher={Association for Computing Machinery},
	doi={10.1145/3132847.3132938}
}

@article{vzliobaite2017measuring,
	title={Measuring discrimination in algorithmic decision making},
	author={{\v{Z}}liobait{\.e}, Indr{\.e}},
	journal={Data Mining and Knowledge Discovery},
	volume={31},
	number={4},
	pages={1060--1089},
	year={2017},
	publisher={Springer},
	doi={10.1007/s10618-017-0506-1}
}

@article{saaty2003magic,
	title={Why the {Magic} {Number} {Seven} {Plus} or {Minus} {Two}},
	author={Saaty, Thomas L and Ozdemir, Mujgan S},
	journal={Mathematical and Computer Modelling},
	volume={38},
	number={3-4},
	pages={233--244},
	year={2003},
	publisher={Elsevier},
	doi={10.1016/s0895-7177(03)90083-5}
}

@article{cambridge2013gender,
	title={{``Gender gap''}},
	author={Cambridge Advanced Learner's Dictionary},
	journal={Cambridge University Press},
	year={2013},
	note={\url{https://dictionary.cambridge.org}. Accessed 28 June 2021}
}

@article{glasserman2001linear,
	author={Paul Glasserman},
	title={Linear {Regression}},
	journal={Lecture notes in Managerial Statistics},
	year={2001},
	publisher={Columbia Business School},
	note={\url{https://www.gsb.columbia.edu}}
}

@inproceedings{rammelaere2018revisiting,
	title={Revisiting {Conditional} {Functional} {Dependency} {Discovery}: {Splitting} the {``C''} from the {``FD''}},
	author={Rammelaere, Joeri and Geerts, Floris},
	booktitle={Joint European Conference on Machine Learning and Knowledge Discovery in Databases},
	pages={552--568},
	year={2018},
	organization={Springer},
	doi={10.1007/978-3-030-10928-8_33}
}

@book{equality2013index,
	title={Index for {Classifying} {Job} {Titles}},
	author={Equality Commission for Northern Ireland},
	year={2013},
	publisher={Equality Commission for Northern Ireland},
	address={Equality House 7--9, Shaftesbury Square, Belfast BT2 7DP},
	note={\url{https://www.equalityni.org}}
}

@book{marschall1998oxford,
	title={A {Dictionary} of {Sociology}},
	author={Marschall, G},
	year={1998},
	publisher={Oxford University Press},
	isbn={9780192800817}
}

@misc{world2021terms,
	title={Terms of {Use}},
	author={World Economic Forum},
	note={\url{https://www.weforum.org}. Accessed 28 July 2021}
}

@inproceedings{schwab2017global,
	title={The {Global} {Gender} {Gap} {Report} 2017},
	author={Schwab, Klaus and Samans, Richard and Zahidi, Saadia and Leopold, Till Alexander and Ratcheva, Vesselina and Hausmann, Ricardo and Tyson, Laura D},
	year={2017},
	organization={World Economic Forum},
	isbn={9781944835125},
	note={\url{https://www.weforum.org}}
}

@misc{hazel2019gender,
	title={Gender and sex inequalities: {Implications} and resistance},
	author={Hazel, Kelly L and Kleyman, Kerry S},
	journal={Journal of Prevention \& Intervention in the Community},
	volume={48},
	number={4},
	pages={281--292},
	year={2019},
	publisher={Taylor \& Francis},
	doi={10.1080/10852352.2019.1627079}
}

@article{dilli2018introducing,
	title={Introducing the {Historical} {Gender} {Equality} {Index}},
	author={Dilli, Selin and Carmichael, Sarah G and Rijpma, Auke},
	journal={Feminist Economics},
	volume={25},
	number={1},
	pages={31--57},
	year={2018},
	publisher={Routledge},
	doi={10.1080/13545701.2018.1442582}
}

@article{tilcsik2021statistical,
	title={Statistical {Discrimination} and the {Rationalization} of {Stereotypes}},
	author={Tilcsik, Andr{\'a}s},
	journal={American Sociological Review},
	year={2021},
	publisher={Center for Open Science},
	doi={10.31235/osf.io/gf7ry}
}

@article{beggs1995institutional,
	title={The {Institutional} {Environment}: Implications for {Race} and {Gender} {Inequality} in the {U.S.} {Labor} {Market}},
	author={Beggs, John J},
	journal={American Sociological Review},
	pages={612--633},
	year={1995},
	publisher={JSTOR},
	doi={10.2307/2096297}
}

@article{dimaggio1983iron,
	title={The {Iron} {Cage} {Revisited}: {Institutional} {Isomorphism} and {Collective} {Rationality} in {Organizational} {Fields}},
	author={DiMaggio, Paul J and Powell, Walter W},
	journal={American Sociological Review},
	pages={147--160},
	year={1983},
	publisher={JSTOR},
	doi={doi:10.2307/2095101}
}

@article{folbre2021gender,
	title={Gender inequality and bargaining in the {U.S.} labor market},
	author={Folbre, Nancy},
	journal={Economic Policy Institute},
	year={2021},
	note={\url{https://www.epi.org/209716}}
}

@article{canali2020towards,
	title={Towards a {Contextual} {Approach} to {Data} {Quality}},
	author={Canali, Stefano},
	journal={Data},
	volume={5},
	number={4},
	pages={90},
	year={2020},
	publisher={Multidisciplinary Digital Publishing Institute},
	doi={10.3390/data5040090}
}

@article{leonelli2017global,
	title={Global {Data} {Quality} {Assessment} and the {Situated} {Nature} of {``Best''} {Research} {Practices} in {Biology}},
	author={Leonelli, Sabina},
	journal={Data Science Journal},
	volume={16},
	year={2017},
	publisher={Ubiquity Press, Ltd.},
	doi={10.5334/dsj-2017-032}
}
